@article{
StanfordPaper,
Author = {Bird, R. B. and Smith, E. A. and Bird, D. W.},
Title = {The hunting handicap: costly signaling in human
foraging strategies},
Journal = {Behavioral Ecology and Sociobiology},
Volume = {50},
Pages = {9-19},
Year = {2001}}

@article{
ATTPaper2009,
Author = {Yehudi Koren, Robert Bell, Chris Kolinsky.},
Title = {Techniques for Recommender Systems.},
Journal = {ATT},
Volume = {},
Pages = {2},
Year = {2009}}

@article{
TextBlob,
Author = {Yehudi Koren, Robert Bell, Chris Kolinsky.},
Title = {Techniques for Recommender Systems.},
Journal = {BTS},
Volume = {1},
Pages = {2},
Year = {2009}}

@article{
Birdetal2001,
Author = {Bird, R. B. and Smith, E. A. and Bird, D. W.},
Title = {The hunting handicap: costly signaling in human
foraging strategies},
Journal = {Behavioral Ecology and Sociobiology},
Volume = {50},
Pages = {9-19},
Year = {2001} 
}


@artcile{
RCHB2010,
Author = {G. Adomavicius, A. Tuzhilin.},
Title = {Recommender Systems Handbook.},
Journal = {Springer},
Volume = {},
Pages = {},
Year = {2010}
}

@artcile{AUIRM,
Author = {J. Wang, A. Vries, M. Reinders.},
Title = {A user-item relevance model for log-based collaborative filtering.},
Journal = {LNCS, Advances in Information Retrieval.},
Volume = {3936},
Pages = {37-48},
Year = {}
}

@artcile{
WBKNN2013,
Author = {Bin Wang, Qing Liao, Chuunhong Zhang.},
Title = {Weight Based KNN Recommender System.},
Journal = {Fifth International Conference on Intelligent Human-Machine Systems and Cybernetics, IEEE Computer Society.},
Volume = {},
Pages = {},
Year = {2013}
}