@article{
ATTPaper2009,
Author = {Yehudi Koren, Robert Bell, Chris Kolinsky.},
Title = {Techniques for Recommender Systems.},
Journal = {ICDM},
Volume = {},
Pages = {2},
Year = {2008}}

@artcile{
RCHB2010,
Author = {G. Adomavicius, A. Tuzhilin.},
Title = {Recommender Systems Handbook.},
Journal = {Springer},
Volume = {},
Pages = {},
Year = {2010}
}

@artcile{AUIRM,
Author = {J. Wang, A. Vries, M. Reinders.},
Title = {A user-item relevance model for log-based collaborative filtering.},
Journal = {LNCS, Advances in Information Retrieval.},
Volume = {3936},
Pages = {37-48},
Year = {}
}

@artcile{
WBKNN2013,
Author = {Bin Wang, Qing Liao, Chuunhong Zhang.},
Title = {Weight Based KNN Recommender System.},
Journal = {Fifth International Conference on Intelligent Human-Machine Systems and Cybernetics, IEEE Computer Society.},
Volume = {},
Pages = {},
Year = {2013}
}

@ONLINE{RecSys,
author = {Julian McAuley, Jure Leskovec},
year = {2013},
title = {Hidden Factors and Hidden Topics:
Understanding Rating Dimensions with Review Text},
url = {http://i.stanford.edu/~julian/pdfs/recsys13.pdf}}

@ONLINE{Yeung:2010:Online,
author = {Yueng, Albert},
title = {Matrix Factorization: A Simple Tutorial and Implementation in Python},
month = jun,
year = {2010},
url = {http://www.quuxlabs.com/blog/2010/09/matrix-factorization-a-simple-tutorial-and-implementation-in-python/}
}

@article{
TextBlob,
author = {Yifan Hu and Yehuda Koren and Chris Volinsky},
title = {Collaborative filtering for implicit feedback datasets},
booktitle = {In IEEE International Conference on Data Mining (ICDM 2008},
journal = {IEE},
year = {2008},
pages = {263--272}
}